<record><leader>00000cas a22000007a 4500</leader><controlfield tag="001">28653659</controlfield><controlfield tag="008">930819d1906191unmucr ne      0    0eng d</controlfield><datafield ind1=" " ind2=" " tag="010"><subfield code="a">sn 93048454 </subfield></datafield><datafield ind1=" " ind2=" " tag="040"><subfield code="a">NVM</subfield><subfield code="b">eng</subfield><subfield code="c">NVM</subfield><subfield code="d">DLC</subfield><subfield code="d">NVM</subfield><subfield code="d">OCLCQ</subfield><subfield code="d">OCLCF</subfield><subfield code="d">OCLCO</subfield></datafield><datafield ind1="1" ind2=" " tag="029"><subfield code="a">AU@</subfield><subfield code="b">000025877536</subfield></datafield><datafield ind1=" " ind2=" " tag="042"><subfield code="a">msc</subfield></datafield><datafield ind1=" " ind2=" " tag="043"><subfield code="a">n-us-nm</subfield></datafield><datafield ind1="0" ind2="4" tag="245"><subfield code="a">The Roswell register-tribune.</subfield></datafield><datafield ind1=" " ind2=" " tag="260"><subfield code="a">Roswell, Chaves County, N.M. :</subfield><subfield code="b">Roswell Print. Co.</subfield></datafield><datafield ind1=" " ind2=" " tag="300"><subfield code="a">v.</subfield></datafield><datafield ind1=" " ind2=" " tag="310"><subfield code="a">Semiweekly,</subfield><subfield code="b">Sept. 25, 1908-</subfield></datafield><datafield ind1=" " ind2=" " tag="321"><subfield code="a">Weekly,</subfield><subfield code="b">Mar. 1, 1906-Sept. 18, 1908</subfield></datafield><datafield ind1="0" ind2=" " tag="362"><subfield code="a">Vol. 18, no. 10 (Mar. 1, 1906)-</subfield></datafield><datafield ind1="1" ind2=" " tag="362"><subfield code="a">Ceased Dec. 31, 1912?</subfield></datafield><datafield ind1=" " ind2=" " tag="530"><subfield code="a">Also on microfilm: El Paso, Texas : Southwest Micropublishing, Inc.</subfield></datafield><datafield ind1=" " ind2="0" tag="651"><subfield code="a">Roswell (N.M.)</subfield><subfield code="v">Newspapers.</subfield></datafield><datafield ind1=" " ind2="0" tag="651"><subfield code="a">Chaves County (N.M.)</subfield><subfield code="v">Newspapers.</subfield></datafield><datafield ind1=" " ind2="7" tag="655"><subfield code="a">Newspapers.</subfield><subfield code="2">fast</subfield><subfield code="0">(OCoLC)fst01423814</subfield></datafield><datafield ind1=" " ind2="7" tag="651"><subfield code="a">New Mexico</subfield><subfield code="z">Chaves County.</subfield><subfield code="2">fast</subfield><subfield code="0">(OCoLC)fst01210042</subfield></datafield><datafield ind1=" " ind2="7" tag="651"><subfield code="a">New Mexico</subfield><subfield code="z">Roswell.</subfield><subfield code="2">fast</subfield><subfield code="0">(OCoLC)fst01210823</subfield></datafield><datafield ind1=" " ind2=" " tag="752"><subfield code="a">United States</subfield><subfield code="b">New Mexico</subfield><subfield code="c">Chaves</subfield><subfield code="d">Roswell.</subfield></datafield><datafield ind1="0" ind2="4" tag="780"><subfield code="t">Roswell register</subfield><subfield code="w">(DLC)sn 86090932</subfield><subfield code="w">(OCoLC)15273384</subfield></datafield><datafield ind1="0" ind2="4" tag="780"><subfield code="t">Roswell tribune</subfield><subfield code="w">(DLC)sn 93061452</subfield><subfield code="w">(OCoLC)28399056</subfield></datafield><datafield ind1="0" ind2="7" tag="785"><subfield code="t">Roswell morning news (Roswell, N.M. : 1911)</subfield><subfield code="w">(DLC)sn 93061766</subfield><subfield code="w">(OCoLC)28653736</subfield></datafield><datafield ind1="0" ind2="7" tag="785"><subfield code="t">Roswell morning news and register-tribune</subfield><subfield code="w">(DLC)sn 93061767</subfield><subfield code="w">(OCoLC)28653756</subfield></datafield></record>